@BOOK{HK,
 AUTHOR={H. Kopka and P. W. Daly},
 TITLE={A Guide to LaTeX},
 PUBLISHER={Addison-Wesley},
 ADDRESS={Reading, MA},
 YEAR=1999
 }
@article{knuth:1984,
  title={Literate Programming},
  author={Donald E. Knuth},
  journal={The Computer Journal},
  volume={27},
  number={2},
  pages={97--111},
  year={1984},
  publisher={Oxford University Press}
  
}

@article{AcademyBank,
	title        = {Banking Trends in 2025 \& Beyond: Budgeting Apps for Financial Success},
	journal      = {Academy Bank},
	year         = {2025},
	author = {??},
	howpublished = {https://www.academybank.com/article/banking-trends-in-2025-and-beyond-budgeting-apps-for-financial-success}
}

@BOOK{PFMApp,
	title={Innowacje finansowe w gospodarce 4.0},
	author={Krzysztof Waliszewski, Anna Warchlewska},
	publisher={researchgate},
	year = {2021},
	journal      = {Uniwersytet Ekonomiczy w Poznaniu},
		howpublished = {https://www.researchgate.net/profile/Krzysztof-Waliszewski/publication/356730802_Aplikacje_PFM_jako_FinTech_w_finansach_osobistych/links/61adfee150e22929cd509a36/Aplikacje-PFM-jako-FinTech-w-finansach-osobistych.pdf}
	}
@article{FintechStats,
	title        = {Fintech Adoption Statistics 2025: What’s Driving It (And What’s Holding It Back)},
	journal      = {CoinLaw},
	year         = {2025},
	author={Barry Elad, Kathleen Kinder},
	howpublished = {https://coinlaw.io/fintech-adoption-statistics/}
}

@article{JavaMicrosoft,
	title        = {Co to jest Java?},
	journal      = {Azure Microsoft},
	year		= {??}
	author = {??},
	howpublished = {https://azure.microsoft.com/pl-pl/resources/cloud-computing-dictionary/what-is-java-programming-language#:~:text=Jak%20dzia%C5%82a%20j%C4%99zyk%20Java?%20Kod%20Java%20jest,i%20udost%C4%99pnia%20%C5%9Brodowisko%20uruchomieniowe%20dla%20aplikacji%20Java.}
}
